<?xml version="1.0" encoding="UTF-8"?><collection><record><leader>06434ntm a2200589 a 4500</leader><controlfield tag="001">006805259</controlfield><controlfield tag="003">MiAaHDL</controlfield><controlfield tag="005">20190719000000.0</controlfield><controlfield tag="006">m        d        </controlfield><controlfield tag="007">cr bn ---auaua</controlfield><controlfield tag="008">090529q16701730xx            00| ||ara d</controlfield><datafield tag="035" ind1=" " ind2=" "><subfield code="a">(MiU)006805259</subfield></datafield><datafield tag="035" ind1=" " ind2=" "><subfield code="a">sdr-miu006805259</subfield></datafield><datafield tag="040" ind1=" " ind2=" "><subfield code="a">MiU</subfield><subfield code="c">MiU</subfield><subfield code="e">amremm</subfield></datafield><datafield tag="043" ind1=" " ind2=" "><subfield code="a">n-us-mi</subfield></datafield><datafield tag="100" ind1="1" ind2=" "><subfield code="6">880-01</subfield><subfield code="a">Khalkhālī, Ḥusayn al-Ḥusaynī,</subfield><subfield code="d">-1605.</subfield></datafield><datafield tag="245" ind1="1" ind2="0"><subfield code="6">880-03</subfield><subfield code="a">Ḥāshiyat Ḥusayn al-Khalkhālī ʻalá Ḥāshiyat al-Sayyid ʻalá Sharḥ Mukhtaṣar al-Muntahá,</subfield><subfield code="f">[late 17th or early 18th century].</subfield></datafield><datafield tag="246" ind1="3" ind2=" "><subfield code="i">Title from opening matter (p.2):</subfield><subfield code="a">تعليقات على حاشية شرح المختصر</subfield></datafield><datafield tag="246" ind1="3" ind2=" "><subfield code="i">Title from inscription on interior of upper board:</subfield><subfield code="a">حاشية الخلخالي</subfield></datafield><datafield tag="260" ind1=" " ind2=" "><subfield code="c">[1670-1730].</subfield></datafield><datafield tag="300" ind1=" " ind2=" "><subfield code="a">64 leaves :</subfield><subfield code="b">paper ;</subfield><subfield code="c">203 x 148 (145-155 x 67-70) mm.</subfield></datafield><datafield tag="500" ind1=" " ind2=" "><subfield code="a">Shelfmark: Ann Arbor, University of Michigan, Special Collections Library, Isl. Ms. 579</subfield></datafield><datafield tag="500" ind1=" " ind2=" "><subfield code="a">Origin: Lacks dated colophon ; paper, etc. suggests mid to late 17th or early 18th century.</subfield></datafield><datafield tag="500" ind1=" " ind2=" "><subfield code="a">Accompanying materials: a. Inventory cataloguing slip in hand of Winifred Smeaton Thomas -- b. Acquisitions slip from Yahuda.</subfield></datafield><datafield tag="500" ind1=" " ind2=" "><subfield code="a">Former shelfmark: From hinge on upper board and spine label "IL 87" (likely supplied by Yahuda, see acquisitions slip).</subfield></datafield><datafield tag="500" ind1=" " ind2=" "><subfield code="a">Binding: Fiber boards covered in shell marbled paper (mainly in grey [to lavender], blue, pink with another paper in brown and dark blue at two edges) with red leather over spine ; Type III binding (without flap) ; no board linings (i.e., interior of boards not lined, hinges and turn-ins only) ; sewn in heavy cream thread, two stations ; overall in fair condition with some abrasion, lifting and losses of paper and spine leather, etc.</subfield></datafield><datafield tag="500" ind1=" " ind2=" "><subfield code="a">Support: European laid paper of a few types ; opening type with 10 laid lines per cm. (vertical), chain lines spaced 28 mm. apart (horizontal), three hats over "G C" watermark (see p.4, etc.), thin and transluscent, fairly crisp though sturdy, well-burnished ; another type with 9 laid lines per cm. (vertical), chain lines spaced 26 mm. apart (horizontal), and watermark of scrollwork / coat of arms with three bars (see p.48, 58, etc. and compare Armoiries (16) A. Indéterminées dated 1673-1717 in Velkov, Les Filigranes dans les documents Ottomans) ; another type with 11 laid lines per cm. (vertical), chain lines spaced 23 mm. apart (horizontal), and watermark of cross flanked by creatures above two circles (see p.102, etc.), thin and transluscent though sturdy, burnished ; repair (covering hole) at close (see p.128).</subfield></datafield><datafield tag="500" ind1=" " ind2=" "><subfield code="a">Decoration: Keywords and abbreviation symbols (signes-de-renvoi, etc.) rubricated ; textual dividers in the form of red discs.</subfield></datafield><datafield tag="500" ind1=" " ind2=" "><subfield code="a">Script: Naskh and nastaʻlīq (talik) ; two clear Turkish hands ; from opening to p.96, a fine naskh, partially but irregularly seriffed with most ascenders occasionally seriffed, marked tilt to the left, slight effect of words descending to baseline, curvilinear descenders, pointing in strokes or conjoined dots rather than distinct dots, final nūn usually reversed (recurved) ; from p.96 to close, a bold nastaʻlīq (talik), serifless with slight effect of tilt to the right and of words descending to baseline, pointing in strokes rather than distinct dots.</subfield></datafield><datafield tag="500" ind1=" " ind2=" "><subfield code="a">Layout: Written mainly in 21 lines per page ; frame-ruled.</subfield></datafield><datafield tag="500" ind1=" " ind2=" "><subfield code="a">Collation: 5 V(50), VII (64) ; almost exclusively quinions ; catchwords present ; foliation in black ink, Hindu-Arabic numerals (begins with ١٣٦, as though once part of a collective volume) ; pagination in pencil, Western numerals, supplied during digitization.</subfield></datafield><datafield tag="500" ind1=" " ind2=" "><subfield code="a">Explicit: "فلا حاجة اليهما معا بل [؟] يكفي احدهما فقط لان الشمول"</subfield></datafield><datafield tag="500" ind1=" " ind2=" "><subfield code="a">Incipit: "الحمد لله الذي تولهت الافهام في كبرياء ذاته وتحيرت الادهام [؟] في عظمة صفاته جل كبريائه في ان يحوم درك العقول ... اما بعد فهذه تعليقات على حاشية شرح المختصر لمولى العلامة ... السيد الشريف ... الفها احوج الخلائق الى رحمة [؟] ربه العالي حسين الحسين الخلخالي ..."</subfield></datafield><datafield tag="500" ind1=" " ind2=" "><subfield code="a">Title from inscription on 'title page' (p.1).</subfield></datafield><datafield tag="500" ind1=" " ind2=" "><subfield code="a">Ms. codex.</subfield></datafield><datafield tag="510" ind1="4" ind2=" "><subfield code="a">Velkov, Asparouh. Les Filigranes dans les documents Ottomans: divers types d’images. Sofia: Éditions "Texte - A. Trayanov", 2005.</subfield></datafield><datafield tag="510" ind1="4" ind2=" "><subfield code="a">Ḥājjī Khalīfah. Kashf al-ẓunūn,</subfield><subfield code="c">vi 172</subfield></datafield><datafield tag="510" ind1="4" ind2=" "><subfield code="a">Brockelmann, C. GAL,</subfield><subfield code="c">I 306 (VIII. 3. b. χ.) ; II 413</subfield></datafield><datafield tag="520" ind1="8" ind2=" "><subfield code="a">Clear, well-annotated copy of the supergloss by al-Khalkhālī upon the gloss by ʻAlī ibn Muḥammad al-Jurjānī, al-Sayyid al-Sharīf (d.1413) upon the commentary by ʻAḍud al-Dīn al-Ījī (d.1355?) upon Ibn al-Ḥājib's (d.1249) Mukhtaṣar al-muntahá, an abridgement of his own treatise on law according to the Mālikī school, Muntahá al-suʼāl wa-al-amal fī ʻilmay al-uṣūl wa-al-jadal. Appears to ends abruptly. Likely once part of a collective volume (majmūʻah).</subfield></datafield><datafield tag="538" ind1=" " ind2=" "><subfield code="a">Mode of access: Internet.</subfield></datafield><datafield tag="541" ind1=" " ind2=" "><subfield code="a">Acquired in 1926 from the bookseller Isaac Benjamin S.E. Yahuda via purchase transacted on his behalf by Abraham Shalom Yahuda (1877-1951), his younger brother.</subfield></datafield><datafield tag="546" ind1=" " ind2=" "><subfield code="a">Arabic.</subfield></datafield><datafield tag="561" ind1=" " ind2=" "><subfield code="a">Extensive marginal glosses ; occasional corrections.</subfield></datafield><datafield tag="600" ind1="1" ind2="0"><subfield code="a">Ibn al-Ḥājib, ʻUthmān ibn ʻUmar,</subfield><subfield code="d">1175-1249.</subfield><subfield code="t">Mukhtaṣar al-Muntahá.</subfield></datafield><datafield tag="600" ind1="1" ind2="0"><subfield code="a">Ījī, ʻAḍud al-Dīn ʻAbd al-Raḥmān ibn Aḥmad,</subfield><subfield code="d">d. 1355?</subfield><subfield code="t">Sharḥ Mukhtaṣar al-Muntahá.</subfield></datafield><datafield tag="600" ind1="1" ind2="0"><subfield code="a">Jurjānī, ʻAlī ibn Muḥammad,</subfield><subfield code="c">al-Sayyid al-Sharīf,</subfield><subfield code="d">1340-1413.</subfield><subfield code="t">Ḥāshiyah ʻalá Sharḥ Mukhtaṣar al-Muntahá.</subfield></datafield><datafield tag="650" ind1=" " ind2="0"><subfield code="a">Manuscripts, Arabic</subfield><subfield code="z">Michigan</subfield><subfield code="z">Ann Arbor.</subfield></datafield><datafield tag="650" ind1=" " ind2="0"><subfield code="a">Malikites</subfield><subfield code="v">Early works to 1800.</subfield></datafield><datafield tag="650" ind1=" " ind2="0"><subfield code="a">Islamic law</subfield><subfield code="x">Interpretation and construction</subfield><subfield code="v">Early works to 1800.</subfield></datafield><datafield tag="773" ind1="0" ind2=" "><subfield code="a">Yahuda Collection.</subfield></datafield><datafield tag="880" ind1="1" ind2="0"><subfield code="6">245-03/</subfield><subfield code="a">حاشية حسين الخلخالي على حاشية السيد على شرح مختصر المنتهى,</subfield><subfield code="f">[اواخر القرن 17 او اوائل القرن 18م].</subfield></datafield><datafield tag="880" ind1="1" ind2=" "><subfield code="6">100-01/</subfield><subfield code="a">خلخالي, حسين الحسيني.</subfield></datafield><datafield tag="CID" ind1=" " ind2=" "><subfield code="a">006805259</subfield></datafield><datafield tag="DAT" ind1="0" ind2=" "><subfield code="a">20190719102637.0</subfield><subfield code="b">20190719000000.0</subfield></datafield><datafield tag="DAT" ind1="1" ind2=" "><subfield code="a">20190719090653.0</subfield><subfield code="b">2019-07-19T16:11:35Z</subfield></datafield><datafield tag="DAT" ind1="2" ind2=" "><subfield code="a">2015-10-10T18:00:06Z</subfield></datafield><datafield tag="CAT" ind1=" " ind2=" "><subfield code="a">SDR-MIU</subfield><subfield code="d">EX LIBRIS - ALEPH</subfield><subfield code="l">prepare.pl-004-008</subfield></datafield><datafield tag="FMT" ind1=" " ind2=" "><subfield code="a">BK</subfield></datafield><datafield tag="HOL" ind1=" " ind2=" "><subfield code="0">sdr-miu006805259</subfield><subfield code="a">MiU</subfield><subfield code="b">SDR</subfield><subfield code="c">MIU</subfield><subfield code="p">mdp.39015079127067</subfield><subfield code="s">MIU</subfield><subfield code="1">006805259</subfield></datafield><datafield tag="974" ind1=" " ind2=" "><subfield code="b">MIU</subfield><subfield code="c">MIU</subfield><subfield code="d">20190719</subfield><subfield code="s">lit-dlps-dc</subfield><subfield code="u">mdp.39015079127067</subfield><subfield code="y">1730</subfield><subfield code="r">pd</subfield><subfield code="q">bib</subfield><subfield code="t">non-US bib date2 &lt; 1896</subfield></datafield></record></collection>